<record><leader>00000cas a2200000 a 4500</leader><controlfield tag="001">11441547</controlfield><controlfield tag="008">841201d19471955hiucr ne      0    0eng d</controlfield><datafield ind1=" " ind2=" " tag="010"><subfield code="a">sn 84045347 </subfield></datafield><datafield ind1=" " ind2=" " tag="040"><subfield code="a">HUH</subfield><subfield code="b">eng</subfield><subfield code="c">HUH</subfield><subfield code="d">HWN</subfield><subfield code="d">OCL</subfield><subfield code="d">OCLCQ</subfield><subfield code="d">OCLCF</subfield><subfield code="d">OCLCO</subfield></datafield><datafield ind1=" " ind2=" " tag="042"><subfield code="a">msc</subfield></datafield><datafield ind1=" " ind2=" " tag="043"><subfield code="a">n-us-hi</subfield></datafield><datafield ind1=" " ind2=" " tag="090"><subfield code="a">AN2</subfield><subfield code="b">.V34</subfield></datafield><datafield ind1="0" ind2=" " tag="130"><subfield code="a">Valley isle chronicle (Wailuku, Hawaii : 1947)</subfield></datafield><datafield ind1="1" ind2="0" tag="245"><subfield code="a">Valley isle chronicle.</subfield></datafield><datafield ind1=" " ind2=" " tag="260"><subfield code="a">Wailuku, Maui, T.H. [Territory of Hawaii] :</subfield><subfield code="b">Valley Isle Pub. Co.</subfield></datafield><datafield ind1=" " ind2=" " tag="300"><subfield code="a">16 v. :</subfield><subfield code="b">ill. ;</subfield><subfield code="c">40 cm.</subfield></datafield><datafield ind1=" " ind2=" " tag="310"><subfield code="a">Semiweekly</subfield></datafield><datafield ind1="0" ind2=" " tag="362"><subfield code="a">-v. 16, no. 4 (July 15, 1955).</subfield></datafield><datafield ind1="1" ind2=" " tag="362"><subfield code="a">Began Sept. 30, 1947.</subfield><subfield code="z">Cf. Oct. 1, 1948 issue.</subfield></datafield><datafield ind1=" " ind2=" " tag="500"><subfield code="a">"Non-partisan, non secular, 100% American ideals and principles."</subfield></datafield><datafield ind1=" " ind2=" " tag="515"><subfield code="a">Vol. 10, no. 19 not published.</subfield></datafield><datafield ind1=" " ind2=" " tag="588"><subfield code="a">Description based on: V. 2, no. 55 (July 13, 1948).</subfield></datafield><datafield ind1=" " ind2="0" tag="651"><subfield code="a">Maui (Hawaii)</subfield><subfield code="v">Periodicals.</subfield></datafield><datafield ind1=" " ind2="7" tag="655"><subfield code="a">Periodicals.</subfield><subfield code="2">fast</subfield><subfield code="0">(OCoLC)fst01411641</subfield></datafield><datafield ind1=" " ind2="7" tag="651"><subfield code="a">Hawaii</subfield><subfield code="z">Maui.</subfield><subfield code="2">fast</subfield><subfield code="0">(OCoLC)fst01239574</subfield></datafield><datafield ind1=" " ind2=" " tag="752"><subfield code="a">United States</subfield><subfield code="b">Hawaii</subfield><subfield code="c">Maui</subfield><subfield code="d">Wailuku.</subfield></datafield></record>